<record><leader>00000cas a22000007a 4500</leader><controlfield tag="001">15803469</controlfield><controlfield tag="008">870603d18771uuuiauuu ne      0    0eng d</controlfield><datafield ind1=" " ind2=" " tag="010"><subfield code="a">sn 87058267 </subfield></datafield><datafield ind1=" " ind2=" " tag="040"><subfield code="a">INP</subfield><subfield code="b">eng</subfield><subfield code="c">INP</subfield><subfield code="d">OCLCQ</subfield></datafield><datafield ind1=" " ind2=" " tag="042"><subfield code="a">msc</subfield></datafield><datafield ind1="0" ind2=" " tag="130"><subfield code="a">Tattler (Washington, Iowa)</subfield></datafield><datafield ind1="1" ind2="4" tag="245"><subfield code="a">The tattler.</subfield></datafield><datafield ind1=" " ind2=" " tag="260"><subfield code="a">Washington, Iowa :</subfield><subfield code="b">"The Kids"</subfield></datafield><datafield ind1=" " ind2=" " tag="300"><subfield code="a">v.</subfield></datafield><datafield ind1="1" ind2=" " tag="362"><subfield code="a">Began in 1877.</subfield></datafield><datafield ind1=" " ind2=" " tag="500"><subfield code="a">"Published by the 'KIDS' for the benefit of Washington."</subfield></datafield><datafield ind1=" " ind2=" " tag="588"><subfield code="a">Description based on: Vol. 1, no. 2 (Oct. 1877).</subfield></datafield><datafield ind1=" " ind2=" " tag="752"><subfield code="a">United States</subfield><subfield code="b">Iowa</subfield><subfield code="c">Washington</subfield><subfield code="d">Washington.</subfield></datafield></record>